:20:STMT20240131
:25:NL91ABNA0417164300
:28C:00001/001
:60F:C240101EUR1000,00
:61:2401050105D45,20NTRFNONREF//REF1
:86:CARD PAYMENT GAS STATION 4471
:61:2401060106C2500,00NTRFNONREF//REF2
:86:SEPA CREDIT PAYROLL ACME CORP
:61:2401080108D62,40NTRFNONREF//REF3
:86:CARD PAYMENT GREEN GROCER MARKET
:61:2401120112D118,22NDDTNONREF//REF4
:86:DIRECT DEBIT ELECTRIC UTILITY CO
:62F:C240131EUR3274,18
-
